@conference{gaston2005agent,
  title={{Agent-organized networks for dynamic team formation}},
  author={Gaston, M.E. and desJardins, M.},
  booktitle={Proceedings of the fourth international joint conference on Autonomous agents and multiagent systems},
  pages={230--237},
  isbn={1595930930},
  year={2005},
  organization={ACM}
}

@article{AlurHK02,
  author    = {Rajeev Alur and
               Thomas A. Henzinger and
               Orna Kupferman},
  title     = {Alternating-time temporal logic},
  journal   = {J. ACM},
  volume    = {49},
  number    = {5},
  year      = {2002},
  pages     = {672-713},
  ee        = {http://doi.acm.org/10.1145/585265.585270
}



@conference{gaston2004adapting,
  title={{Adapting network structures for efficient team formation}},
  author={Gaston, M. and Simmons, J. and DesJardins, M.},
  booktitle={Proceedings of the AAMAS-04 workshop on learning and evolution in agent-based systems},
  year={2004}
}


@inproceedings{KNP11,
author={M. Kwiatkowska and G. Norman and D. Parker},
title={PRISM 4.0: Verification of Probabilistic Real-time Systems},
booktitle={Proc. 23rd International Conference on Computer Aided Verification (CAV'11)},
year={2011},

editor={},
pages={},
organization={},
publisher={Springer},
series={LNCS},
volume={},
address={},
month={},
note={To appear},
key={}
}

@article{lomuscio2006mcmas,
  title={{MCMAS: A model checker for multi-agent systems}},
  author={Lomuscio, A. and Raimondi, F.},
  journal={Tools and Algorithms for the Construction and Analysis of Systems},
  pages={450--454},
  year={2006},
  publisher={Springer}
}


@Article{KNP08d,
author={M. Kwiatkowska and G. Norman and D. Parker},
title={Analysis of a Gossip Protocol in PRISM},
journal={ACM SIGMETRICS Performance Evaluation Review},
year={2008},

volume={36},
number={3},
pages={17-22},
_month={December},
note={},
key={}
}

@InProceedings{KN02,
author={M. Kwiatkowska and G. Norman},
title={Verifying Randomized {Byzantine} Agreement},
booktitle={Proc. Formal Techniques for Networked and Distributed Systems (FORTE'02)},
year={2002},

editor={D. Peled and M. Vardi},
pages={194--209},
organization={},
publisher={Springer},
series={LNCS},
volume={2529},
month={},
note={},
key={}
}

@article{bakhshi2007formal,
  title={{Formal analysis techniques for gossiping protocols}},
  author={Bakhshi, R. and Bonnet, F. and Fokkink, W. and Haverkort, B.},
  journal={ACM SIGOPS Operating Systems Review},
  volume={41},
  number={5},
  pages={28--36},
  issn={0163-5980},
  year={2007},
  publisher={ACM}
}

@article{heidarian2009analysis,
  title={{Analysis of a clock synchronization protocol for wireless sensor networks}},
  author={Heidarian, F. and Schmaltz, J. and Vaandrager, F.},
  journal={FM 2009: Formal Methods},
  pages={516--531},
  year={2009},
  publisher={Springer}
}


@conference{glinton2008agent,
  title={{Agent-based sensor coalition formation}},
  author={Glinton, R. and Scerri, P. and Sycara, K.},
  booktitle={Information Fusion, 2008 11th International Conference on},
  pages={1--7},
  year={2008},
  organization={IEEE}
}

@article{agotnes2009reasoning,
  title={{Reasoning about coalitional games}},
  author={{\AA}gotnes, T. and van der Hoek, W. and Wooldridge, M.},
  journal={Artificial Intelligence},
  volume={173},
  number={1},
  pages={45--79},
  issn={0004-3702},
  year={2009},
  publisher={Elsevier}
}


@conference{dunne2008cooperative,
  title={{Cooperative boolean games}},
  author={Dunne, P.E. and van der Hoek, W. and Kraus, S. and Wooldridge, M.},
  booktitle={Proceedings of the 7th international joint conference on Autonomous agents and multiagent systems-Volume 2},
  pages={1015--1022},
  year={2008},
  organization={International Foundation for Autonomous Agents and Multiagent Systems}
}



@inproceedings{abdallah2004organization,
  author    = {Sherief Abdallah and
               Victor R. Lesser},
  title     = {Organization-Based Cooperative Coalition Formation},
  booktitle = {IAT},
  year      = {2004},
  pages     = {162-168},
  ee        = {http://csdl.computer.org/comp/proceedings/iat/2004/2101/00/21010162abs.htm},
  crossref  = {DBLP:conf/iat/2004}
}

@proceedings{DBLP:conf/iat/2004,
  title     = {2004 IEEE/WIC/ACM International Conference on Intelligent
               Agent Technology (IAT 2004), 20-24 September 2004, Beijing,
               China},
  booktitle = {IAT},
  publisher = {IEEE Computer Society},
  year      = {2004},
  isbn      = {0-7695-2101-0}
}




@conference{manisterski2006forming,
  title={{Forming efficient agent groups for completing complex tasks}},
  author={Manisterski, E. and David, E. and Kraus, S. and Jennings, N.R.},
  booktitle={Proceedings of the fifth international joint conference on Autonomous agents and multiagent systems},
  pages={834--841},
  isbn={1595933034},
  year={2006},
  organization={ACM}
}

@conference{kraus2003coalition,
  title={{Coalition formation with uncertain heterogeneous information}},
  author={Kraus, S. and Shehory, O. and Taase, G.},
  booktitle={Proceedings of the second international joint conference on Autonomous agents and multiagent systems},
  pages={1--8},
  isbn={1581136838},
  year={2003},
  organization={ACM}
}

@article{shehory1998methods,
  title={{Methods for task allocation via agent coalition formation}},
  author={Shehory, O. and Kraus, S.},
  journal={Artificial Intelligence},
  volume={101},
  number={1-2},
  pages={165--200},
  issn={0004-3702},
  year={1998},
  publisher={Elsevier}
}

@book{osborne1994course,
  title={{A course in game theory}},
  author={Osborne, M.J. and Rubinstein, A.},
  isbn={0262650401},
  year={1994},
  publisher={The MIT press}
}

@article{chatterjee2007strategy,
  title={{Strategy logic}},
  author={Chatterjee, K. and Henzinger, T. and Piterman, N.},
  journal={CONCUR 2007--Concurrency Theory},
  pages={59--73},
  year={2007},
  publisher={Springer}
}


@InCollection{bonzon2007efficient,
  author = 	 {Bonzon, Elise and Lagasquie-Schiex, Marie-Christine and Lang, J\'er\^ome},
  title = 	 {Efficient coalitions in {B}oolean games},
  booktitle = {Texts in Logic and Games},
  year = 	 {2008},
  editor = 	 {Apt, Krzysztof and van Rooij, Robert},
  volume = 	 {5},
  chapter = 	 {New Perspectives on Games and Interaction},
pages =		 {293--297},
}

@Article{HJ94,
author={H. Hansson and B. Jonsson},
title={A Logic for Reasoning about Time and Reliability},
journal={Formal Aspects of Computing},
year={1994},

volume={6},
number={5},
pages={512--535},
month={},
note={},
key={}
}
@inproceedings{KNP07a,
author={M. Kwiatkowska and G. Norman and D. Parker},
title={Stochastic Model Checking},
booktitle={Formal Methods for the Design of Computer, Communication and Software Systems: Performance Evaluation (SFM'07)},
year={2007},

editor={M. Bernardo and J. Hillston},
pages={220-270},
organization={},
publisher={Springer},
series={LNCS (Tutorial Volume)},
volume={4486},
month={},
note={},
key={}
}

@article{Con93,
author={A. Condon},
title={On algorithms for simple stochastic games},
journal={Advances in computational complexity theory, DIMACS Series in Discrete Mathematics and Theoretical Computer Science},
year={1993},

volume={13},
number={},
pages={51--73},
month={},
note={},
key={}
}

@article{Con92,
  author    = {Anne Condon},
  title     = {The Complexity of Stochastic Games},
  journal   = {Inf. Comput.},
  volume    = {96},
  number    = {2},
  year      = {1992},
  pages     = {203-224}
}
@InProceedings{BFW06b,
author={P. Ballarini and M. Fisher and M. Wooldridge},
title={Uncertain Agent Verification through Probabilistic Model-Checking},
booktitle={Proc. 3rd  International Workshop on Safety and Security in Multi-agent Systems (SASEMAS'06)},
year={2006},

editor={},
pages={},
organization={},
publisher={},
series={},
volume={},
address={},
month={},
note={},
key={}
}
